<?xml version="1.0" encoding="UTF-8"?>
<collection xmlns:xsi="http://www.w3.org/2001/XMLSchema-instance" xsi:schemaLocation="http://www.loc.gov/MARC21/slim http://www.loc.gov/standards/marcxml/schema/MARC21slim.xsd" xmlns="http://www.loc.gov/MARC21/slim">
<record>
  <leader>00744nam a22002051i 4500</leader>
  <controlfield tag="001">988717</controlfield>
  <controlfield tag="003">NNC</controlfield>
  <controlfield tag="005">20030428214428.0</controlfield>
  <controlfield tag="008">901206s1937    ua            000 0 ara d</controlfield>
  <datafield tag="035" ind1=" " ind2=" ">
    <subfield code="a">(OCoLC)ocm22783461</subfield>
  </datafield>
  <datafield tag="035" ind1=" " ind2=" ">
    <subfield code="9">AFK4457CU</subfield>
  </datafield>
  <datafield tag="040" ind1=" " ind2=" ">
    <subfield code="a">ZCU</subfield>
    <subfield code="c">ZCU</subfield>
  </datafield>
  <datafield tag="090" ind1=" " ind2=" ">
    <subfield code="a">BJ1291</subfield>
    <subfield code="b">.B37</subfield>
  </datafield>
  <datafield tag="100" ind1="1" ind2=" ">
    <subfield code="a">Barakwī, Zayn al-Dīn Muḥammad ibn Bīr ʻAlī Muḥyī al-Dīn,</subfield>
    <subfield code="d">1522-1573.</subfield>
  </datafield>
  <datafield tag="245" ind1="1" ind2="3">
    <subfield code="a">al-Tarīqah al-Muḥammadīyah wa-al-sīrah al-Aḥmadīyah /</subfield>
    <subfield code="c">taʾlīf Zayn al-Dīn Muḥammad ibn Bīr ʻȦlī Muḥyī al-Dīn al-Barakawī.</subfield>
  </datafield>
  <datafield tag="260" ind1=" " ind2=" ">
    <subfield code="a">Miṣr :</subfield>
    <subfield code="b">Maṭba-at Muṣṭafā al-Bābī al-Ḥalabī,</subfield>
    <subfield code="c">1937.</subfield>
  </datafield>
  <datafield tag="300" ind1=" " ind2=" ">
    <subfield code="a">222 p. ;</subfield>
    <subfield code="c">26 cm.</subfield>
  </datafield>
  <datafield tag="650" ind1=" " ind2="0">
    <subfield code="a">Islamic ethics.</subfield>
  </datafield>
  <datafield tag="650" ind1=" " ind2="0">
    <subfield code="a">Conduct of life.</subfield>
  </datafield>
  <datafield tag="955" ind1=" " ind2=" ">
    <subfield code="b">0036758175</subfield>
    <subfield code="d">glx</subfield>
    <subfield code="e">BJ1291 .B37</subfield>
  </datafield>
</record>
</collection>